<?xml version="1.0" encoding="UTF-8"?><collection xmlns="http://www.loc.gov/MARC21/slim"><record><leader>00517nam--2200181-i-4500</leader><controlfield tag="001">000036676</controlfield><controlfield tag="002">20161230</controlfield><controlfield tag="005">20161230201041</controlfield><controlfield tag="008">060222s1000------------r-----000-0-fre-d</controlfield><datafield ind1=" " ind2=" " tag="040"><subfield code="a">IFIN-HH</subfield></datafield><datafield ind1=" " ind2=" " tag="041"><subfield code="a">fre</subfield></datafield><datafield ind1="1" ind2=" " tag="100"><subfield code="a">Pecker-Wimel, Charlotte</subfield></datafield><datafield ind1="1" ind2="0" tag="245"><subfield code="a">Introduction a la spectroscopie des plasmas</subfield><subfield code="c">Charlotte Pecker-Wimel</subfield></datafield><datafield ind1=" " ind2=" " tag="260"><subfield code="a">Paris</subfield><subfield code="b">Gordon &amp; Breach</subfield><subfield code="c">1967</subfield></datafield><datafield ind1=" " ind2=" " tag="300"><subfield code="a">156 p</subfield></datafield><datafield ind1=" " ind2=" " tag="490"><subfield code="a">Cours et Documents de Mathematique et de Physique</subfield></datafield><datafield ind1=" " ind2=" " tag="852"><subfield code="a">28657</subfield><subfield code="c">533.9</subfield></datafield><datafield ind1=" " ind2=" " tag="CAT"><subfield code="a">Sys</subfield><subfield code="c">20100922</subfield><subfield code="h">155004</subfield></datafield></record></collection>